<?xml version="1.0" encoding="utf-8"?>
<record xmlns="http://www.loc.gov/MARC21/slim" xmlns:xsi="http://www.w3.org/2001/XMLSchema-instance" xsi:schemaLocation="http://www.loc.gov/MARC21/slim http://www.loc.gov/standards/marcxml/schema/MARC21slim.xsd">
	<leader>     nam a22     Mi 4500</leader>
	<controlfield tag="001">b12478180</controlfield>
	<controlfield tag="003">LeBAU</controlfield>
	<controlfield tag="006">m        d        </controlfield>
	<controlfield tag="007">cr cn |||m|||a</controlfield>
	<controlfield tag="008">210422m19381939ua      ob    001 0 ara d</controlfield>
	<datafield ind1=" " ind2=" " tag="040">
		<subfield code="a">ZYU</subfield>
		<subfield code="b">ara</subfield>
		<subfield code="e">rda</subfield>
		<subfield code="c">ZYU</subfield>
	</datafield>
	<datafield ind1="0" ind2="4" tag="082">
		<subfield code="a">492.72</subfield>
		<subfield code="2">23</subfield>
	</datafield>
	<datafield ind1="1" ind2=" " tag="100">
		<subfield code="6">880-01</subfield>
		<subfield code="a">Astarābādhī, Raḍī al-Dīn Muḥammad ibn al-Ḥasan,</subfield>
		<subfield code="d">active 1284.</subfield>
		<subfield code="e">author.</subfield>
		<subfield code="0">https://lccn.loc.gov/n84173673 ,</subfield>
	</datafield>
	<datafield ind1="1" ind2="0" tag="245">
		<subfield code="6">880-02</subfield>
		<subfield code="a">Sharḥ Shāfiyat Ibn al-Ḥājib /</subfield>
		<subfield code="c">taʼlīf al-imām al-muḥaqiq Raḍī al-Dīn al-Astarābādhī, al-mutawaffá fī ʻām 688 min al-Hijrah. Maʻa sharḥ shawāhidih / lil-ʻālim al-jalīl ʻAbd al-Qādir al-Baghdādī, ṣāḥib Khizānat al-adab, al-mutawaffá fī ʻām 1093 min al-Hijrah ; ḥaqqaqahumā wa-ḍabaṭa gharībihimā wa-sharaḥa mubhamihimā, al-asātidhah Muḥammad Nūr al-Ḥasan, al-mudarris fī takhaṣṣuṣ Kullīyat al-Lughah al-ʻArabīyah, Muḥammad al-Zafzāf, al-mudarris fī Kullīyat al-Lughah al-ʻArabīyah, Muḥammad Muḥyī al-Dīn ʻAbd al-Ḥamīd, al-mudarris fī takhaṣṣuṣ Kullīyat al-Lughah al-ʻArabīyah.</subfield>
	</datafield>
	<datafield ind1=" " ind2="1" tag="264">
		<subfield code="6">880-03</subfield>
		<subfield code="a">al-Qāhirah :</subfield>
		<subfield code="b">Maṭbaʻat Ḥijāzī,</subfield>
		<subfield code="c">1356-1358 H. = [1938-1939 M.]</subfield>
	</datafield>
	<datafield ind1=" " ind2=" " tag="300">
		<subfield code="6">880-04</subfield>
		<subfield code="a">online resource (4 volumes)</subfield>
	</datafield>
	<datafield ind1=" " ind2=" " tag="336">
		<subfield code="a">text</subfield>
		<subfield code="2">rdacontent</subfield>
	</datafield>
	<datafield ind1=" " ind2=" " tag="337">
		<subfield code="a">computer</subfield>
		<subfield code="2">rdamedia</subfield>
	</datafield>
	<datafield ind1=" " ind2=" " tag="338">
		<subfield code="a">online resource</subfield>
		<subfield code="2">rdacarrier</subfield>
	</datafield>
	<datafield ind1=" " ind2=" " tag="500">
		<subfield code="a">&quot;إلتزام محمد وتوفيق، الكتبي بميدان الأزهر الشريف وشارع السكة الجديدة بمصر. &quot;</subfield>
	</datafield>
	<datafield ind1=" " ind2=" " tag="500">
		<subfield code="a">Part of the Arabic Collections Online (ACO) project, contributed by American University of Beirut's Jafet Memorial Library.</subfield>
	</datafield>
	<datafield ind1=" " ind2=" " tag="504">
		<subfield code="a">يتضمن مراجع ببليوغرافية وكشافات.</subfield>
	</datafield>
	<datafield ind1=" " ind2=" " tag="533">
		<subfield code="a">Electronic reproduction.</subfield>
		<subfield code="b">New York, N.Y. :</subfield>
		<subfield code="c">New York University,</subfield>
		<subfield code="d">2021.</subfield>
		<subfield code="5">NNU</subfield>
	</datafield>
	<datafield ind1="1" ind2="4" tag="600">
		<subfield code="a">ابن الحاجب، عثمان بن عمر،</subfield>
		<subfield code="d">1175-1249.</subfield>
		<subfield code="t">الشافية.</subfield>
	</datafield>
	<datafield ind1="1" ind2="0" tag="600">
		<subfield code="a">Ibn al-Ḥājib, ʻUthmān ibn ʻUmar,</subfield>
		<subfield code="d">1175-1249.</subfield>
		<subfield code="t">Kāfiyah.</subfield>
	</datafield>
	<datafield ind1=" " ind2="4" tag="650">
		<subfield code="a">اللغة العربية</subfield>
		<subfield code="x">التصريف.</subfield>
	</datafield>
	<datafield ind1=" " ind2="0" tag="650">
		<subfield code="a">Arabic language</subfield>
		<subfield code="x">Inflection.</subfield>
	</datafield>
	<datafield ind1="1" ind2=" " tag="700">
		<subfield code="6">880-05</subfield>
		<subfield code="a">Nūr al-Ḥasan, Muḥammad,</subfield>
		<subfield code="e">compiler.</subfield>
	</datafield>
	<datafield ind1="1" ind2=" " tag="700">
		<subfield code="6">880-06</subfield>
		<subfield code="a">Zafzāf, Muḥammad.</subfield>
		<subfield code="e">compiler.</subfield>
		<subfield code="0">https://lccn.loc.gov/n88680910 ,</subfield>
	</datafield>
	<datafield ind1="1" ind2=" " tag="700">
		<subfield code="6">880-07</subfield>
		<subfield code="a">ʻAbd al-Ḥamīd, Muḥammad Muḥyī al-Dīn.</subfield>
		<subfield code="e">compiler.</subfield>
		<subfield code="0">https://lccn.loc.gov/n81065895 ,</subfield>
	</datafield>
	<datafield ind1="1" ind2="2" tag="700">
		<subfield code="6">880-08</subfield>
		<subfield code="a">Baghdādī, ʻAbd al-Qādir ibn ʻUmar,</subfield>
		<subfield code="d">1621-1682.</subfield>
		<subfield code="t">Sharḥ shawāhid shurūḥ al-shāfiyah.</subfield>
	</datafield>
	<datafield ind1="2" ind2=" " tag="710">
		<subfield code="a">Jafet Memorial Library.</subfield>
	</datafield>
	<datafield ind1="0" ind2=" " tag="730">
		<subfield code="a">Arabic Collections Online.</subfield>
	</datafield>
	<datafield ind1="0" ind2="8" tag="776">
		<subfield code="i">Print version:</subfield>
		<subfield code="a">Astarābādhī, Raḍī al-Dīn Muḥammad ibn al-Ḥasan, active 1284. author. https://lccn.loc.gov/n84173673 ,</subfield>
		<subfield code="t">Sharḥ Shāfiyat Ibn al-Ḥājib</subfield>
		<subfield code="w">(LeBAU)b12478180</subfield>
	</datafield>
	<datafield ind1="4" ind2="0" tag="856">
		<subfield code="u">http://hdl.handle.net/2333.1/47d7wxf1</subfield>
	</datafield>
	<datafield ind1="1" ind2=" " tag="880">
		<subfield code="6">100-01</subfield>
		<subfield code="a">الاستراباذي، رضي الدين محمد بن الحسن،</subfield>
		<subfield code="d">اشتهر 1284،</subfield>
		<subfield code="0">https://lccn.loc.gov/n84173673 ,</subfield>
		<subfield code="e">مؤلف. </subfield>
		<subfield code="4">aut.</subfield>
	</datafield>
	<datafield ind1="1" ind2="0" tag="880">
		<subfield code="6">245-02</subfield>
		<subfield code="a">شرح شافية إبن الحاجب /</subfield>
		<subfield code="c">تأليف الإمام المحقق رضي الدين الأستراباذي، المتوفى في عام 688 من الهجرة. مع شرح شواهده / للعالم الجليل عبد القادر البغدادي، صاحب خزانة الأدب، المتوفى في عام 1093 من الهجرة ؛ حققهما وضبط غريبهما، وشرح مبهمهما، الأساتذة محمد نور الحسن، المدرس في تخصص كلية اللغة العربية، محمد الزفزاف، المدرس في كلية اللغة العربية، محمد محي الدين عبد الحميد، المدرس في تخصص كلية اللغة العربية.  </subfield>
	</datafield>
	<datafield ind1=" " ind2="1" tag="880">
		<subfield code="6">264-03</subfield>
		<subfield code="a">القاهرة :</subfield>
		<subfield code="b">مطبعة حجازي،</subfield>
		<subfield code="c">1356-1358 هـ. = [1938-1939 م.]</subfield>
	</datafield>
	<datafield ind1=" " ind2=" " tag="880">
		<subfield code="6">300-04</subfield>
		<subfield code="a">4 أجزاء ؛</subfield>
		<subfield code="c">25 سم</subfield>
	</datafield>
	<datafield ind1="1" ind2=" " tag="880">
		<subfield code="6">700-05</subfield>
		<subfield code="a">نور الحسن، محمد،</subfield>
		<subfield code="e">معد. </subfield>
		<subfield code="4">com.</subfield>
	</datafield>
	<datafield ind1="1" ind2=" " tag="880">
		<subfield code="6">700-06</subfield>
		<subfield code="a">الزفزاف، محمد،</subfield>
		<subfield code="0">https://lccn.loc.gov/n88680910 ,</subfield>
		<subfield code="e">معد. </subfield>
		<subfield code="4">com.</subfield>
	</datafield>
	<datafield ind1="1" ind2=" " tag="880">
		<subfield code="6">700-07</subfield>
		<subfield code="a">عبد الحميد، محمد محي الدين،</subfield>
		<subfield code="0">https://lccn.loc.gov/n81065895 ,</subfield>
		<subfield code="e">معد. </subfield>
		<subfield code="4">com.</subfield>
	</datafield>
	<datafield ind1="1" ind2="2" tag="880">
		<subfield code="6">700-08</subfield>
		<subfield code="a">البغدادي، عبد القادر بن عمر،</subfield>
		<subfield code="d">1621-1682.</subfield>
		<subfield code="t">شرح شواهد شروح الشافية.</subfield>
	</datafield>
	<datafield ind1=" " ind2=" " tag="959">
		<subfield code="a">NNU</subfield>
		<subfield code="b">WEB</subfield>
		<subfield code="c">GENI</subfield>
		<subfield code="t">0</subfield>
		<subfield code="m">Electronic access</subfield>
		<subfield code="s">01</subfield>
	</datafield>
	<datafield ind1=" " ind2=" " tag="999">
		<subfield code="i">LeBAU_b12478180</subfield>
		<subfield code="s">aub_aco004321:v.1</subfield>
		<subfield code="s">aub_aco004322:v.2</subfield>
		<subfield code="s">aub_aco004323:v.3</subfield>
		<subfield code="s">aub_aco004324:v.4</subfield>
		<subfield code="e">(ERROR-MISC)</subfield>
	</datafield>
</record>
